<?xml version="1.0" encoding="UTF-8"?><record xmlns="http://www.loc.gov/MARC21/slim" xmlns:cinclude="http://apache.org/cocoon/include/1.0" xmlns:zs="http://www.loc.gov/zing/srw/">
  <leader>00359nz  a2200121n  4500</leader>
  <controlfield tag="001">n 2007161444</controlfield>
  <controlfield tag="003">DLC</controlfield>
  <controlfield tag="005">20070427075022.0</controlfield>
  <controlfield tag="008">070426n| acannaabn          |n ana      </controlfield>
  <datafield tag="010" ind1=" " ind2=" ">
    <subfield code="a">n 2007161444</subfield>
  </datafield>
  <datafield tag="040" ind1=" " ind2=" ">
    <subfield code="a">DLC</subfield>
    <subfield code="b">eng</subfield>
    <subfield code="c">DLC</subfield>
  </datafield>
  <datafield tag="110" ind1="2" ind2=" ">
    <subfield code="a">Albert (Brig)</subfield>
  </datafield>
  <datafield tag="670" ind1=" " ind2=" ">
    <subfield code="a">NUCMC data from Historic Northampton for Levi L. Pratt letters, 1840-1841</subfield>
    <subfield code="b">(Albert; brig; in Cuba, 1841)</subfield>
  </datafield>
</record>